<?xml version="1.0" encoding="UTF-8"?><collection xmlns="http://www.loc.gov/MARC21/slim"><record><leader>00648nam--2200169-i-4500</leader><controlfield tag="001">000003100</controlfield><controlfield tag="002">20161230</controlfield><controlfield tag="005">20170206084903</controlfield><controlfield tag="008">060222s1000------------r-----000-0-eng-d</controlfield><datafield ind1=" " ind2=" " tag="040"><subfield code="a">IFIN-HH</subfield></datafield><datafield ind1=" " ind2=" " tag="080"><subfield code="a">621.372</subfield></datafield><datafield ind1="1" ind2=" " tag="110"><subfield code="a">Colstron Research Society</subfield></datafield><datafield ind1="1" ind2="0" tag="245"><subfield code="a">Cosmic radiation</subfield><subfield code="b">Colston papers based on a symposium promoted by the Colstron Research Society and the University of Bristol in September 1948 now published as a special supplement to Research. A Journal of Science and its Applications</subfield></datafield><datafield ind1=" " ind2=" " tag="260"><subfield code="a">London</subfield><subfield code="b">Butterworths Scientific Publications</subfield><subfield code="c">1949</subfield></datafield><datafield ind1=" " ind2=" " tag="300"><subfield code="a">189p</subfield></datafield><datafield ind1=" " ind2=" " tag="852"><subfield code="a">10012</subfield><subfield code="c">539.13</subfield></datafield><datafield ind1=" " ind2=" " tag="CAT"><subfield code="a">SYS</subfield><subfield code="c">20170206</subfield><subfield code="h">084903</subfield></datafield></record></collection>